@article{berry:2013,
  title={Bayesian hierarchical modeling of patient subpopulations: efficient designs of phase II oncology clinical trials},
  author={Berry, Scott M. and Broglio, Kristine R. and Groshen, Susan and Berry, Donald A.},
  journal={Clinical Trials},
  volume={10},
  number={5},
  pages={720--734},
  year={2013},
  publisher={SAGE Publications Sage UK: London, England}
}